THIS FILE IS AUTOMATICALLY GENERATED, DO NOT EDIT!

,-------------------.
|     PREAMBLE      |
`-------------------'

@preamble{ "\providecommand{\noopsort}[1]{}
           \providecommand{\url}{\error{The bib files now require the
           `url' package!}}"
}

,-------------------.
|  BIBTEX ENTRIES   |
`-------------------'

@inproceedings{Brandenburg_Anderson_07,
  address =       {Pisa, IT},
  author =        {Bj\"{o}rn B. Brandenburg and James H. Anderson},
  booktitle =     {Proceedings of the 3rd Workshop on Operating System
                   Platforms for Embedded Real-Time Applications
                   (OSPERT)},
  month =         jul,
  title =         {Feather-Trace: A Light Weight Event Tracing Toolkit},
  year =          {2007},
}

@inproceedings{Calandrino_LBDA_07,
  author =        {John M. Calandrino and Hennadiy Leontyev and
                   Aaron Block and UmaMaheswari C. Devi and
                   James H. Anderson},
  booktitle =     {IEEE Real-Time Systems Symposium},
  pages =         {111--123},
  title =         {{LITMUS}\textsuperscript{RT}: A testbed for
                   empirically comparing real-time multiprocessor
                   schedulers},
  year =          {2007},
}

@inproceedings{Cooper_STRS_10,
  address =       {Indianapolis, IN, US},
  author =        {Brian F. Cooper and Adam Silberstein and Erwin Tam and
                   Raghu Ramakrishnan and Russell Sears},
  booktitle =     {ACM Symposium on Cloud Computing},
  month =         jun,
  title =         {Benchmarking Cloud Serving Systems with {YCSB}},
  year =          {2010},
}

@inproceedings{Emberson_SD_10,
  author =        {Paul Emberson and Roger Stafford and Robert Davis},
  booktitle =     {Workshop on Analysis Tools and Methodologies for
                   Embedded and Real-time Systems},
  title =         {Techniques for the Synthesis of Multiprocessor
                   Tasksets},
  year =          {2010},
}

@inproceedings{Guthaus_REAMB_01,
  author =        {Mathhew R Guthaus and Jeffrey S. Reingenberg and
                   Dan Ernst and Todd M. Austing and Trevor Mudge and
                   Richard B. Brown},
  booktitle =     {Proceedings of the 4th IEEE Annual Workshop on
                   Workload Characterization},
  month =         dec,
  title =         {{MiBench}: A free, commercially representative
                   embedded benchmark suite},
  year =          {2001},
}

@article{Heiser_Elphinstone_16,
  author =        {Heiser, Gernot and Elphinstone, Kevin},
  journal =       {ACM Transactions on Computer Systems},
  month =         apr,
  number =        {1},
  pages =         {1:1-1:29},
  title =         {L4 Microkernels: The Lessons from 20 Years of
                   Research and Deployment},
  volume =        {34},
  year =          {2016},
  NOdoi = {10.1145/2893177},
}

@article{Kantee_Cormack_14,
  author =        {Antti Kantee and Justin Cormack},
  journal =       {USENIX ;login:},
  month =         oct,
  number =        {5},
  pages =         {11--17},
  title =         {Rump Kernels: No {OS}? {No} Problem!},
  volume =        {29},
  year =          {2014},
}

@misc{NetBSD:url,
  howpublished =  {\url{https://www.netbsd.org}},
  key =           {NetBSD},
  title =         {{NetBSD}},
}

@misc{redis:url,
  howpublished =  {\url{http://redis.io}},
  key =           {Redis},
  title =         {Redis},
}

@misc{Wheeler_01,
  author =        {David A. Wheeler},
  howpublished =  {\url{http://www.dwheeler.com/sloccount/}},
  title =         {{SLOCCount}},
  year =          {2001},
}

@inproceedings{Wienand_Macpherson_04,
  address =       {Melbourne, Australia},
  author =        {Ian Wienand and Luke Macpherson},
  booktitle =     {AUUG Winter Conference},
  month =         sep,
  title =         {ipbench: A Framework for Distributed Network
                   Benchmarking},
  year =          {2004},
}

